@inproceedings{Munz2009WHENZA,
  title={WHEN ZOMBIES ATTACK!: MATHEMATICAL MODELLING OF AN OUTBREAK OF ZOMBIE INFECTION},
  author={Philip Alexander Munz and Ioan Hudea and Joseph P. Imad and Robert J. Smith},
  year={2009},
  url={https://api.semanticscholar.org/CorpusID:15574354}
}

@book{burden2016an√°lise,
  title={An{\'a}lise Num{\'e}rica},
  author={Burden, A.M. and Burden, R.L. and Faires, D.J.},
  isbn={9788522123407},
  url={https://books.google.com.br/books?id=mEo1tAEACAAJ},
  year={2016},
  publisher={CENGAGE DO BRASIL}
}
% https://optimization.cbe.cornell.edu/index.php?title=Quadratic_programming#:~:text=Quadratic%20programming%20(QP)%20is%20the,be%20both%20equalities%20and%20inequalities.