@book{burden2016an√°lise,
  title={An{\'a}lise Num{\'e}rica},
  author={Burden, A.M. and Burden, R.L. and Faires, D.J.},
  isbn={9788522123407},
  url={https://books.google.com.br/books?id=mEo1tAEACAAJ},
  year={2016},
  publisher={CENGAGE DO BRASIL}
}